@book{Brenig, AUTHOR = {Wilhelm Brenig}, 
TITLE = {Statistische Theorie der Wärme, Gleichgewichtsphänomene},
PUBLISHER = {Springer-Verlag},
YEAR = {1992},
EDITION = {3}
PAGES = {61-74}}
@book{Revolution, AUTHOR = {Leonard Susskind, James Lindesay},
TITLE = {an introduction to black holes, information and the string theory revolution, the holographic universe},
PUBLISHER = {World Scientific},
YEAR = {2005}}
@book{ParticleCreation, AUTHOR = {S.W.Hawking},
TITLE = {Particle Creation by Black Holes},
Year = {1975},
PUBLISHER = {Commun. math. Phys.},
VOLUME = {43},
PAGES = {199-220}